
@online{AssociationGUTenbergLettreGUTenberg,
  title = {Lettre GUTenberg},
  author = {{Association GUTenberg}},
  url = {https://www.gutenberg.eu.org/-Lettre-GUTenberg-},
  organization = {Groupe francophone des Utilisateurs de \TeX, \LaTeX{} et logiciels compagnons}
}


